
@article{towards_stream_sql_standard,
 author = {Namit Jain and Shailendra Mishra and
           Anand Srinivasan and Johannes Gehrke and
           Jennifer Widom and Hari Balakrishnan and
           U\v{g}ur \c{C}etintemel and Mitch Cherniack and
           Richard Tibbetts and Stan Zdonik},
 title = {Towards a streaming {SQL} standard},
 journal = {Proc. VLDB Endow.},
 volume = 1,
 number = 2,
 year = 2008,
 pages = {1379--1390},
 doi = {http://doi.acm.org/10.1145/1454159.1454179},
 publisher = {VLDB Endowment},
 }


@inproceedings{stream,
    author = {Arvind Arasu and Brian Babcock and Shivnath Babu and John Cieslewicz and Keith Ito and Rajeev Motwani and Utkarsh Srivastava and Jennifer Widom},
    title = {{STREAM}: {T}he {S}tanford data stream management system},
    booktitle = {},
    year = {2004}
}


@article{aurora,
 author = {Daniel J. Abadi and Don Carney and Ugur \c{C}etintemel and Mitch Cherniack and Christian Convey and Sangdon Lee and Michael Stonebraker and Nesime Tatbul and Stan Zdonik},
 title = {Aurora: {A} new model and architecture for data stream management},
 journal = {The VLDB Journal},
 volume = {12},
 number = {2},
 year = {2003},
 issn = {1066-8888},
 pages = {120--139},
 doi = {http://dx.doi.org/10.1007/s00778-003-0095-z},
 publisher = {Springer-Verlag New York, Inc.},
 address = {Secaucus, NJ, USA},
 }

@article{telegraphcq,
    author = {Sailesh Krishnamurthy and Sirish Ch and Owen Cooper and Amol Deshp and Michael J. Franklin and Joseph M. Hellerstein and Wei Hong and Samuel R. Madden and Fred Reiss and Mehul A. Shah},
    title = {Telegraph{CQ}: {A}n architectural status report},
    journal = {IEEE Data Engineering Bulletin},
    year = {2003},
    volume = {26},
    pages = {2003}
}


@inproceedings{Gigascope,
 author = {Cranor, Chuck and Johnson, Theodore and Spataschek, Oliver and Shkapenyuk, Vladislav},
 title = {Gigascope: a stream database for network applications},
 booktitle = {SIGMOD '03: Proceedings of the 2003 ACM SIGMOD international conference on Management of data},
 year = {2003},
 isbn = {1-58113-634-X},
 pages = {647--651},
 location = {San Diego, California},
 doi = {http://doi.acm.org/10.1145/872757.872838},
 publisher = {ACM},
 address = {New York, NY, USA},
 }



@techreport{cql,
    author = {Arvind Arasu and Shivnath Babu and Jennifer Widom},
    title = {The {CQL} {C}ontinuous {Q}uery {L}anguage: Semantic Foundations and Query Execution},
    institution = {VLDB Journal},
    year = 2003
}

@techreport{lrb,
    author = {Michael Stonebraker and Richard S. Tibbetts},
    title = {Linear {R}oad: Benchmarking Stream-Based Data Management Systems},
    institution = {},
    year = {2003}
}

@article{adbms-manifesto,
 author = {Corporate Act-Net Consortium},
 title = {The active database management system manifesto: a rulebase of {ADBMS} features},
 journal = {SIGMOD Rec.},
 volume = {25},
 number = {3},
 year = {1996},
 issn = {0163-5808},
 pages = {40--49},
 doi = {http://doi.acm.org/10.1145/234889.234896},
 publisher = {ACM},
 address = {New York, NY, USA},
 }


@article{SASE+,
    author = {Yanlei Diao and Neil Immerman and Daniel Gyllstrom},
    title = {{SASE}+: An agile language for {K}leene closure over event streams},
    year = {2007}
}


@techreport{semantic-windows,
  author = {Qingchun Jiang, Raman Adaikkalavan and Sharma Chakravarthy},
  title  = {Estreams: Towards an Integrated Model for Event and Stream Processing},
  year   = {2004}

}


@misc{flexstreams-whitepaper,
  key           = {FlexStreams},
  title         = {Flex{S}treams whitepaper},
  howpublished  = {\url{http://www.aleri.com/files/FlexStream.pdf}}
}


@misc{sql-impendance-mismatch:post,
  author        = {Loius Lovas},
  title         = {{SQL} {S}tandards - an impedance mismatch with reality},
  howpublished  = {\url{http://apama.typepad.com/my_weblog/2008/09/sql-standards-.html}}
}


@misc{coral8:www,
  key           = {Coral8},
  title         = {Coral8 website},
  howpublished  = {\url{http://www.coral8.com}}
}


@misc{coral8-ccl:www,
  key           = {Coral8 CCL},
  title         = {Coral8 {CCL} documentation website},
  howpublished  = {\url{http://www.coral8.com/developers/documentation.html}}
}


@misc{streambase:www,
  key           = {StreamBase},
  title         = {Stream{B}ase website},
  howpublished  = {\url{http://www.streambase.com}}
}


@misc{eventflow2streamsql,
  key           = {Converting EventFlow to StreamSQL},
  title         = {Converting {E}vent{F}low to {S}tream{SQL}},
  howpublished  = {\url{http://www.streambase.com/developers/docs/latest/streamsql/converter.html}}
}


@misc{esper:www,
  key           = {Esper},
  title         = {Esper website},
  howpublished  = {\url{http://www.espertech.com/products/esper.php}}
}


@misc{orm:www,
  key           = {Oracle Rules Manager},
  title         = {Oracle {R}ules {M}anager website},
  howpublished  = {\url{http://www.oracle.com/technology/products/database/rules_manager/index.html}}
}


@misc{simple-problem,
  key           = {How would you solve this simple problem},
  title         = {"{H}ow would you solve this simple problem?" posted at the {CEP-I}nterest {Y}ahoo! group},
  howpublished  = {\url{http://tech.groups.yahoo.com/group/CEP-Interest/message/1953}}
}


@misc{simple-problem2,
  key           = {The Simple Problem and Marketing Perceptions Around CEP},
  title         = {"{T}he simple problem and marketing perceptions around {CEP}" posted at the {CEP}-{I}nterest {Y}ahoo! group},
  howpublished  = {\url{http://tech.groups.yahoo.com/group/CEP-Interest/message/1989}}
}


@misc{hibernate:www,
  key           = {Hibernate},
  title         = {Hibernate website},
  howpublished  = {\url{http://www.hibernate.org}}
}

@misc{ror:www,
  key           = {Ruby on Rails},
  title         = {Ruby on Rails website},
  howpublished  = {\url{http://www.rubyonrails.org}}
}

@book{tapl,
	author = {Pierce, Benjamin C.},
	howpublished = {Hardcover},
	isbn = {0262162091},
	keywords = {semantics, types},
	month = {March},
	posted-at = {2007-02-12 08:47:00},
	priority = {4},
	publisher = {{MIT Press}},
	title = {Types and Programming Languages},
	url = {http://www.amazon.com/exec/obidos/redirect?tag=citeulike07-20&path=ASIN/0262162091},
	year = {2002}
}

@book{sicp,
	author = {Abelson, Harold and Sussman, Gerald J.},
	edition = {Second},
	howpublished = {Paperback},
	isbn = {0262510871},
	keywords = {functional, lamda, programming, scheme},
	month = {September},
	posted-at = {2008-10-24 05:15:34},
	priority = {2},
	publisher = {The MIT Press},
	series = {MIT Electrical Engineering and Computer Science},
	title = {Structure and Interpretation of Computer Programs},
	url = {http://www.amazon.com/exec/obidos/redirect?tag=citeulike07-20&path=ASIN/0262510871},
	year = {1996}
}

@book{dcpl,
 author = {Turbak, Franklyn A. and Gifford, David K.},
 title = {Design Concepts in Programming Languages},
 year = {2008},
 isbn = {0262201755, 9780262201759},
 publisher = {The MIT Press},
 }

@book{macd-book,
 author = {Appel, Gerald},
 title = {Technical analysis: power tools for active investors},
 year = {2005},
 isbn = {0131479024},
 publisher = {FT Press},
 }

@misc{macd-plot:www,
  key           = {MACD sample plot},
  title         = {{MACD} sample plot},
  howpublished  = {\url{http://upload.wikimedia.org/wikipedia/en/f/f9/MACDpicwiki.gif}}
}

@book{lex-yacc,
    author = {Levine, John and Mason, Tony and Brown, Doug},
    howpublished = {Paperback},
    isbn = 1565920007,
    keywords = {compiler, lex, yacc},
    month = {October},
    posted-at = {2005-05-15 12:34:23},
    priority = 0,
    publisher = {O'Reilly},
    title = {lex \& yacc, 2nd Edition (A Nutshell Handbook)},
    url = {http://www.amazon.com/exec/obidos/redirect?tag=citeulike07-20&path=ASIN/1565920007},
    year = 1992
}

@inproceedings{damas-milner,
 author = {Damas, Luis and Milner, Robin},
 title = {Principal type-schemes for functional programs},
 booktitle = {POPL '82: Proceedings of the 9th ACM SIGPLAN-SIGACT symposium on Principles of programming languages},
 year = {1982},
 isbn = {0-89791-065-6},
 pages = {207--212},
 location = {Albuquerque, New Mexico},
 doi = {http://doi.acm.org/10.1145/582153.582176},
 publisher = {ACM},
 address = {New York, NY, USA},
 }

@manual{coral8-integration-guide,
  title = {Coral8 Integration Guide v5.5},
  organization = {Coral8, Inc},
  howpublished  = {\url{http://www.aleri.com/sites/default/files/assets/pdfs/Coral8IntegrationGuide.pdf}}}
