
@article{towards_stream_sql_standard,
 author = {Namit Jain and Shailendra Mishra and
           Anand Srinivasan and Johannes Gehrke and
           Jennifer Widom and Hari Balakrishnan and
           U\v{g}ur \c{C}etintemel and Mitch Cherniack and
           Richard Tibbetts and Stan Zdonik},
 title = {Towards a streaming {SQL} standard},
 journal = {Proc. VLDB Endow.},
 volume = 1,
 number = 2,
 year = 2008,
 pages = {1379--1390},
 doi = {http://doi.acm.org/10.1145/1454159.1454179},
 publisher = {VLDB Endowment},
 }



@misc{coral8,
  key           = {Coral8},
  title         = {Coral8 website},
  howpublished  = {\url{http://www.coral8.com}},
}
